@article{Manna2021,
  author  = {Manna, R. and Nath, R.},
  title   = {Kantian Moral Agency and the Ethics of Artificial Intelligence},
  journal = {Problemos},
  volume  = {100},
  pages   = {139--151},
  year    = {2021},
  url     = {/doc/papers/manna2021.pdf}
}

@article{Nath2021,
  author  = {Nath, R. and Sahu, V.},
  title   = {The problem of machine ethics in artificial intelligence},
  journal = {AI \& Society},
  volume  = {35},
  pages   = {103--111},
  year    = {2021},
  url     = {/doc/papers/nath2021.pdf}
}

@article{Tonkens2009,
  author  = {Tonkens, R.},
  title   = {A Challenge for Machine Ethics},
  journal = {Minds \& Machines},
  volume  = {19},
  pages   = {421--438},
  year    = {2009},
  url     = {/doc/papers/tonkens2009.pdf}
}

@misc{Singh2022,
  author  = {Singh, L.},
  title   = {Automated Kantian Ethics: A Faithful Implementation},
  year    = {2022},
  note    = {Online at \url{https://github.com/lsingh123/automatedkantianethics}},
  url     = {/doc/papers/singh2022.pdf}
}
